<?xml version="1.0" encoding="UTF-8"?>
<record>
  <leader>01019nam#a2200277#cb4500</leader>
  <controlfield tag="005">20210408024850.0</controlfield>
  <controlfield tag="007">tu</controlfield>
  <controlfield tag="008">981024|1934####xx############|||#|#ger#c</controlfield>
  <controlfield tag="003">DE-605</controlfield>
  <controlfield tag="001">990075429930206441</controlfield>
  <datafield tag="016" ind1="7" ind2=" ">
    <subfield code="a">1067460009</subfield>
    <subfield code="2">OCoLC</subfield>
  </datafield>
  <datafield tag="035" ind1=" " ind2=" ">
    <subfield code="a">(DE-605)HT000944190</subfield>
  </datafield>
  <datafield tag="040" ind1=" " ind2=" ">
    <subfield code="a">294</subfield>
    <subfield code="b">ger</subfield>
    <subfield code="d">61</subfield>
    <subfield code="e">rakwb</subfield>
  </datafield>
  <datafield tag="041" ind1=" " ind2=" ">
    <subfield code="a">ger</subfield>
  </datafield>
  <datafield tag="044" ind1=" " ind2=" ">
    <subfield code="c">XA-DXDE</subfield>
  </datafield>
  <datafield tag="100" ind1="1" ind2=" ">
    <subfield code="a">Lehmann, Paul</subfield>
    <subfield code="d">1884-1964</subfield>
    <subfield code="0">(DE-588)116871466</subfield>
    <subfield code="4">aut</subfield>
  </datafield>
  <datafield tag="245" ind1="1" ind2="0">
    <subfield code="a">&lt;&lt;Die&gt;&gt; mittelalterliche Dombibliothek zu Speyer</subfield>
    <subfield code="c">von Paul Lehmann</subfield>
  </datafield>
  <datafield tag="264" ind1=" " ind2="1">
    <subfield code="a">München</subfield>
    <subfield code="b">Verl. d. Bayer. Akad. d. Wissenschaften</subfield>
    <subfield code="c">1934</subfield>
  </datafield>
  <datafield tag="300" ind1=" " ind2=" ">
    <subfield code="a">64 S.</subfield>
  </datafield>
  <datafield tag="490" ind1="1" ind2=" ">
    <subfield code="a">Sitzungsberichte der Bayerischen Akademie der Wissenschaften, Philosophisch-Historische Abteilung</subfield>
    <subfield code="v">1934, H. 4</subfield>
  </datafield>
  <datafield tag="830" ind1=" " ind2="0">
    <subfield code="a">Sitzungsberichte der Bayerischen Akademie der Wissenschaften, Philosophisch-Historische Abteilung</subfield>
    <subfield code="w">(DE-605)HT003004165</subfield>
    <subfield code="v">1934,4</subfield>
    <subfield code="9">O:1</subfield>
  </datafield>
  <datafield tag="964" ind1="0" ind2="s">
    <subfield code="F">030</subfield>
    <subfield code="A">a|1uc||||||17</subfield>
  </datafield>
  <datafield tag="964" ind1="0" ind2="s">
    <subfield code="F">050</subfield>
    <subfield code="A">a|||||||||||||</subfield>
  </datafield>
  <datafield tag="964" ind1="0" ind2="s">
    <subfield code="F">051</subfield>
    <subfield code="A">s|||||||</subfield>
  </datafield>
  <datafield tag="035" ind1=" " ind2=" ">
    <subfield code="a">(OCoLC)1067460009</subfield>
  </datafield>
  <datafield tag="035" ind1=" " ind2=" ">
    <subfield code="a">(DE-599)HBZHT000944190</subfield>
  </datafield>
  <datafield tag="MBD" ind1=" " ind2=" ">
    <subfield code="M">49HBZ_NETWORK</subfield>
    <subfield code="i">990075429930206441</subfield>
    <subfield code="n">HBZ Network</subfield>
  </datafield>
  <datafield tag="MBD" ind1=" " ind2=" ">
    <subfield code="M">49HBZ_BRIDGE_LBZ</subfield>
    <subfield code="i">9954404307506</subfield>
    <subfield code="n">Rheinische Landesbibliothek Koblenz</subfield>
  </datafield>
  <datafield tag="830" ind1=" " ind2="0">
    <subfield code="a">Sitzungsberichte der Bayerischen Akademie der Wissenschaften, Philosophisch-Historische Abteilung</subfield>
    <subfield code="w">(DE-605)HT003004165</subfield>
    <subfield code="v">1934,4</subfield>
    <subfield code="9">O:1</subfield>
    <subfield code="M">49HBZ_BRIDGE_LBZ</subfield>
  </datafield>
  <datafield tag="MBD" ind1=" " ind2=" ">
    <subfield code="M">49HBZ_THK</subfield>
    <subfield code="i">991004272189706477</subfield>
    <subfield code="n">Technische Hochschule Köln (TH Köln)</subfield>
  </datafield>
  <datafield tag="830" ind1=" " ind2="0">
    <subfield code="a">Sitzungsberichte der Bayerischen Akademie der Wissenschaften, Philosophisch-Historische Abteilung</subfield>
    <subfield code="w">(DE-605)HT003004165</subfield>
    <subfield code="v">1934,4</subfield>
    <subfield code="9">O:1</subfield>
    <subfield code="M">49HBZ_THK</subfield>
  </datafield>
  <datafield tag="980" ind1="1" ind2=" ">
    <subfield code="e">HBZ</subfield>
    <subfield code="9">LOCAL</subfield>
    <subfield code="M">49HBZ_THK</subfield>
  </datafield>
  <datafield tag="981" ind1=" " ind2=" ">
    <subfield code="a">(DE-832)211921</subfield>
    <subfield code="9">LOCAL</subfield>
    <subfield code="M">49HBZ_THK</subfield>
  </datafield>
  <datafield tag="983" ind1=" " ind2=" ">
    <subfield code="b">BDDS</subfield>
    <subfield code="9">LOCAL</subfield>
    <subfield code="M">49HBZ_THK</subfield>
  </datafield>
  <datafield tag="997" ind1=" " ind2=" ">
    <subfield code="a">19980422</subfield>
    <subfield code="9">LOCAL</subfield>
    <subfield code="M">49HBZ_THK</subfield>
  </datafield>
  <datafield tag="MBD" ind1=" " ind2=" ">
    <subfield code="M">49HBZ_SIE</subfield>
    <subfield code="i">990002110800106462</subfield>
    <subfield code="n">Universität Siegen</subfield>
  </datafield>
  <datafield tag="773" ind1="1" ind2="8">
    <subfield code="w">990002110770106462</subfield>
    <subfield code="9">LOCAL</subfield>
    <subfield code="M">49HBZ_SIE</subfield>
  </datafield>
  <datafield tag="830" ind1=" " ind2="0">
    <subfield code="a">Sitzungsberichte der Bayerischen Akademie der Wissenschaften, Philosophisch-Historische Abteilung</subfield>
    <subfield code="w">(DE-605)HT003004165</subfield>
    <subfield code="v">1934,4</subfield>
    <subfield code="9">O:1</subfield>
    <subfield code="M">49HBZ_SIE</subfield>
  </datafield>
  <datafield tag="980" ind1="2" ind2=" ">
    <subfield code="u">ITM</subfield>
    <subfield code="v">226406</subfield>
    <subfield code="w">SIE50</subfield>
    <subfield code="9">LOCAL</subfield>
    <subfield code="M">49HBZ_SIE</subfield>
  </datafield>
  <datafield tag="MNG" ind1=" " ind2=" ">
    <subfield code="c">System</subfield>
    <subfield code="f">ILS</subfield>
    <subfield code="i">marc21</subfield>
    <subfield code="k">01</subfield>
    <subfield code="e">false</subfield>
    <subfield code="d">2022-03-14 06:23:32 Europe/Berlin</subfield>
    <subfield code="g">007542993-HBZ01</subfield>
    <subfield code="j">60</subfield>
    <subfield code="a">import</subfield>
    <subfield code="b">2021-04-05 20:47:34 Europe/Berlin</subfield>
  </datafield>
  <datafield tag="H52" ind1="0" ind2=" ">
    <subfield code="b">R0003</subfield>
    <subfield code="c">00001000</subfield>
    <subfield code="h">G 32.89/1934,4</subfield>
    <subfield code="8">2277095830007506</subfield>
  </datafield>
  <datafield tag="HOL" ind1=" " ind2=" ">
    <subfield code="d">2023-06-01 20:23:25</subfield>
    <subfield code="8">2277095830007506</subfield>
    <subfield code="b">2023-06-01 20:23:25</subfield>
    <subfield code="M">49HBZ_BRIDGE_LBZ</subfield>
    <subfield code="g">false</subfield>
    <subfield code="a">System</subfield>
    <subfield code="c">System</subfield>
  </datafield>
  <datafield tag="ITM" ind1=" " ind2=" ">
    <subfield code="H">2277095830007506</subfield>
    <subfield code="x">00001000</subfield>
    <subfield code="f">BOOK</subfield>
    <subfield code="v">00001000</subfield>
    <subfield code="p">02</subfield>
    <subfield code="X">System</subfield>
    <subfield code="Y">2008-09-19 02:00:00 Europe/Berlin</subfield>
    <subfield code="n">Per. 2968/1934,4</subfield>
    <subfield code="M">49HBZ_BRIDGE_LBZ</subfield>
    <subfield code="s">1</subfield>
    <subfield code="d">0</subfield>
    <subfield code="V">System</subfield>
    <subfield code="b">702586422107</subfield>
    <subfield code="a">2377095800007506</subfield>
    <subfield code="c">G 32.89/1934,4</subfield>
    <subfield code="W">2023-06-01 22:23:25 Europe/Berlin</subfield>
    <subfield code="u">R0003</subfield>
    <subfield code="w">R0003</subfield>
  </datafield>
  <datafield tag="ITM" ind1=" " ind2=" ">
    <subfield code="H">2277095830007506</subfield>
    <subfield code="x">00001000</subfield>
    <subfield code="f">BOOK</subfield>
    <subfield code="v">00001000</subfield>
    <subfield code="p">02</subfield>
    <subfield code="X">System</subfield>
    <subfield code="Y">2008-09-19 02:00:00 Europe/Berlin</subfield>
    <subfield code="n">G 32.89/1934,4</subfield>
    <subfield code="M">49HBZ_BRIDGE_LBZ</subfield>
    <subfield code="s">1</subfield>
    <subfield code="d">0</subfield>
    <subfield code="V">System</subfield>
    <subfield code="b">011813549107</subfield>
    <subfield code="a">2377095810007506</subfield>
    <subfield code="c">G 32.89/1934,4</subfield>
    <subfield code="W">2023-06-01 22:23:25 Europe/Berlin</subfield>
    <subfield code="u">R0003</subfield>
    <subfield code="w">R0003</subfield>
  </datafield>
  <datafield tag="H52" ind1="8" ind2=" ">
    <subfield code="b">DEUTZ</subfield>
    <subfield code="c">78</subfield>
    <subfield code="h">BDDS1079</subfield>
    <subfield code="8">2244940630006477</subfield>
  </datafield>
  <datafield tag="HOL" ind1=" " ind2=" ">
    <subfield code="b">2023-08-17 19:49:58</subfield>
    <subfield code="8">2244940630006477</subfield>
    <subfield code="M">49HBZ_THK</subfield>
    <subfield code="g">false</subfield>
    <subfield code="a">import</subfield>
  </datafield>
  <datafield tag="ITM" ind1=" " ind2=" ">
    <subfield code="H">2244940630006477</subfield>
    <subfield code="x">78</subfield>
    <subfield code="f">BOOK</subfield>
    <subfield code="v">78</subfield>
    <subfield code="X">AMO_CO_FIX</subfield>
    <subfield code="U">2023-08-16 12:59:00 Europe/Berlin</subfield>
    <subfield code="Y">2023-08-17 19:40:06 Europe/Berlin</subfield>
    <subfield code="h">false</subfield>
    <subfield code="n">78BDDS1079</subfield>
    <subfield code="P">Notation: BDDS</subfield>
    <subfield code="G">1</subfield>
    <subfield code="M">49HBZ_THK</subfield>
    <subfield code="s">1</subfield>
    <subfield code="d">8</subfield>
    <subfield code="V">import</subfield>
    <subfield code="L">HBZ01: HT000944190</subfield>
    <subfield code="b">78BDDS1079</subfield>
    <subfield code="O">SISIS-Ausleihzähler Migrationsjahr: 0 | SISIS-Ausleihzähler Vor-Migrationsjahr: 0 | SISIS-Ausleihzähler vorletztes Migrationsjahr: 0 | SISIS-Vormerkzähler Migrationsjahr: 0</subfield>
    <subfield code="a">2344940620006477</subfield>
    <subfield code="c">BDDS1079</subfield>
    <subfield code="W">2023-08-17 21:49:58 Europe/Berlin</subfield>
    <subfield code="u">DEUTZ</subfield>
    <subfield code="w">DEUTZ</subfield>
  </datafield>
</record>
